<record><leader>00000cas a22000007a 4500</leader><controlfield tag="001">14439034</controlfield><controlfield tag="008">861020d19071910msuwr ne      0    0eng d</controlfield><datafield ind1=" " ind2=" " tag="010"><subfield code="a">sn 86074005 </subfield></datafield><datafield ind1=" " ind2=" " tag="040"><subfield code="a">MJA</subfield><subfield code="b">eng</subfield><subfield code="c">MJA</subfield><subfield code="d">MSJ</subfield><subfield code="d">OCL</subfield><subfield code="d">OCLCQ</subfield></datafield><datafield ind1=" " ind2=" " tag="042"><subfield code="a">msc</subfield></datafield><datafield ind1="0" ind2=" " tag="130"><subfield code="a">Panola star (Batesville, Miss. : 1907)</subfield></datafield><datafield ind1="1" ind2="4" tag="245"><subfield code="a">The Panola star.</subfield></datafield><datafield ind1=" " ind2=" " tag="260"><subfield code="a">Batesville, Miss. :</subfield><subfield code="b">Star Pub. Co.</subfield></datafield><datafield ind1=" " ind2=" " tag="300"><subfield code="a">v.</subfield></datafield><datafield ind1=" " ind2=" " tag="310"><subfield code="a">Weekly</subfield></datafield><datafield ind1="1" ind2=" " tag="362"><subfield code="a">Began with May 11, 1907 issue; ceased in 1910.</subfield></datafield><datafield ind1=" " ind2=" " tag="588"><subfield code="a">Description based on: Vol. 1, no. 35 (Jan. 1, 1908).</subfield></datafield><datafield ind1=" " ind2=" " tag="752"><subfield code="a">United States</subfield><subfield code="b">Mississippi</subfield><subfield code="c">Panola</subfield><subfield code="d">Batesville.</subfield></datafield><datafield ind1="0" ind2="0" tag="785"><subfield code="t">Panola county Democrat (Batesville, Miss. : 1910)</subfield><subfield code="w">(OCoLC)14517708</subfield></datafield></record>